<record><leader>00000cas a22000007a 4500</leader><controlfield tag="001">21456107</controlfield><controlfield tag="008">900430d18951897mouwr ne      0    0eng d</controlfield><datafield ind1=" " ind2=" " tag="010"><subfield code="a">sn 90061365 </subfield></datafield><datafield ind1=" " ind2=" " tag="040"><subfield code="a">MQN</subfield><subfield code="b">eng</subfield><subfield code="c">MQN</subfield><subfield code="d">OCLCQ</subfield></datafield><datafield ind1=" " ind2=" " tag="042"><subfield code="a">msc</subfield></datafield><datafield ind1="0" ind2="0" tag="245"><subfield code="a">Ravanna searchlight.</subfield></datafield><datafield ind1=" " ind2=" " tag="260"><subfield code="a">Ravanna, Mercer County, Mo. :</subfield><subfield code="b">Gant &amp; Barron,</subfield><subfield code="c">1895-</subfield></datafield><datafield ind1=" " ind2=" " tag="300"><subfield code="a">v.</subfield></datafield><datafield ind1=" " ind2=" " tag="310"><subfield code="a">Weekly</subfield></datafield><datafield ind1="0" ind2=" " tag="362"><subfield code="a">Vol. 1, no. 1 (Aug. 14, 1895)-</subfield></datafield><datafield ind1="1" ind2=" " tag="362"><subfield code="a">Ceased in 1897?</subfield></datafield><datafield ind1=" " ind2=" " tag="752"><subfield code="a">United States</subfield><subfield code="b">Missouri</subfield><subfield code="c">Mercer</subfield><subfield code="d">Ravanna.</subfield></datafield><datafield ind1="0" ind2="0" tag="785"><subfield code="t">Searchlight (Mercer, Mo.)</subfield></datafield></record>